@Book{KrieselKNN,
    author={Kriesel, David},
    year = 2007,
    title = { Ein kleiner \"{U}berblick \"{u}ber Neuronale Netze },
    url = {http://www.dkriesel.com/_media/science/neuronalenetze-de-zeta2-2col-dkrieselcom.pdf},
}
    
@misc{pathmind,
    author = {Nicholson, Chris},
    title = {Artificial Intelligence vs. Machine Learning vs. Deep Learning},
    url = {https://pathmind.com/wiki/ai-vs-machine-learning-vs-deep-learning},
    year = {n.d.}
}

@misc{wikiAI,
    title = {Artificial Intelligence},
    url = {https://en.wikipedia.org/wiki/Artificial_intelligence},
    author ={Wikipedia},
    year = {n.d.}
}

@book{RCajal,
    author ={López-Muñoz, Francisco and Boya, Jesús and Alamoa, Cecilio},
    year = 2006,
    title = {Neuron theory, the cornerstone of neuroscience, on the centenary of the Nobel Prize award to Santiago Ramón y Cajal}
}

@misc{wikiTLAI,
    title = {Timeline of Artificial Intelligence},
    url = {https://en.wikipedia.org/wiki/Timeline_of_artificial_intelligence},
    author ={Wikipedia},
    year = {n.d.}
}

@misc{wikiSupervisedLearning,
    title = {Supervised learning},
    url = {https://en.wikipedia.org/wiki/Supervised_learning},
    author ={Wikipedia},
    year = {n.d.}
}

@misc{wikiUnsupervisedLearning,
    title = {Unsupervised learning},
    url = {https://en.wikipedia.org/wiki/Unsupervised_learning},
    author ={Wikipedia},
    year = {n.d.}
}

@misc{wikiSemisupervisedLearning,
    title = {Semisupervised learning},
    url = {https://en.wikipedia.org/wiki/Semi-supervised_learning},
    author ={Wikipedia},
    year = {n.d.}
}

@misc{wikiRL,
    title = {Reinforcement learning},
    url = {https://en.wikipedia.org/wiki/Reinforcement_learning},
    author ={Wikipedia},
    year = {n.d.}
}

@misc{wikiMarkov,
    title = {Markov decision process},
    url ={https://en.wikipedia.org/wiki/Markov_decision_process},
    author ={Wikipedia},
    year = {n.d.},
}

@article{roboticRL,
    title = {Deep Reinforcement Learning for Dexterous manipulation in Concept Networks},
    author = {Gudimella, Aditya and Story, Ross and Shaker, Matineh and Kong, Ruofan and Brown, Matthew and Shnayder, Victor and Campos, Marcos},
    year= {2017},
}

@misc{Pong,
    title = {Reinforcement Learning: Pong from Pixels},
    author = {Karpathy, Andrej},
    year = {2017},
    url = {http://karpathy.github.io/2016/05/31/rl/},
}

@misc{wikiNeuron,
    author={Wikipedia},
    title = {Neuron},
    url = {https://en.wikipedia.org/wiki/Neuron},
    year = {n.d.},
}

@misc{typesofML,
    url = {https://towardsdatascience.com/types-of-machine-learning-algorithms-you-should-know-953a08248861},
    author = {Fumo, David},
    year = {2017},
    title = {Types of Machine Learning Algorithms You Should Know},
}

@misc{RLfastslow,
    url = {https://www.cell.com/trends/cognitive-sciences/fulltext/S1364-6613(19)30061-0},
    author = {Botvinick, Matthew and Ritter, Sam and Wang, Jane X. and Kurth-Nelson, Zeb and Blundell, Charles and Hassabis, Demis},
    title = {Reinforcement Learning, Fast and Slow},
    year ={2019},
}

@misc{RLOverview,
    url = {https://www.altexsoft.com/blog/datascience/reinforcement-learning-explained-overview-comparisons-and-applications-in-business/},
    author = {altexsoft},
    year ={2019},
    title = {Reinforcement Learning Explained: Overview, Comparisons and Applications in Business},
}

@misc{wikiTD,
    url = {https://de.wikipedia.org/wiki/Temporal_Difference_Learning},
    author = {Wikipedia},
    title = {Temporal Difference Learning},
    year = {n.d.},
}

@misc{DSilver,
    author = {Silver, David},
    title = {RL course by David Silver},
    url = {https://www.davidsilver.uk/teaching/},
    year = {2015},
}